@comment{
@phdthesis{jiri:diza,
  author = "Ji\v{r}\'{i} \v{S}im\'{a}\v{c}ek",
  title = "{Harnessing Forest Automata for Verification of Heap Manipulating
            Programs}",
  school = "FIT BUT",
  year = "2012",
}
}

@article{forester12,
  author    = {Peter Habermehl and
               Luk\'{a}\v{s} Hol{\'i}k and
               Adam Rogalewicz and
               Ji\v{r}\'{i} {\v{S}}im{\'{a}}{\v c}ek and
               Tom\'{a}\v{s} Vojnar},
  title     = {Forest Automata for Verification of Heap Manipulation},
  journal   = {Formal Methods in System Design},
  publisher = {Springer},
  volume    = {41},
  number    = {1},
  pages     = {83--106},
  year      = {2012},
}

@comment{
@inproceedings{forester11,
  author = "P.~Habermehl and L. Hol{\'i}k and A. Rogalewicz and 
            J.~{\v S}im{\' a}{\v c}ek and T. Vojnar",
  title = "{Forest Automata for Verification of Heap Manipulation}",
  booktitle = "Proceedings of CAV'11",
  publisher = "Springer",
  pages = "424--440",
  year = "2011",
  volume = "6806",
  series = "LNCS",
}
}

@inproceedings{boxes13,
  author    = {Luk\'{a}\v{s} Hol\'{i}k and
               Ond\v{r}ej Leng\'{a}l and
               Adam Rogalewicz and
               Ji\v{r}\'{i} {\v{S}}im\'{a}\v{c}ek and
               Tom{\'a\v s} Vojnar},
  title     = {Fully Automated Shape Analysis Based on Forest Automata},
  booktitle = {Proceedings of the 25th International Conference on Computer Aided
               Verification---CAV'13},
  year      = {2013},
  publisher = {Springer},
  series    = {LNCS},
  volume    = {8044},
  pages     = {740--755}
}

@article{artmc12,
  author    = {Ahmed Bouajjani and
               Peter Habermehl and
               Adam Rogalewicz and
               Tom{\'a\v s} Vojnar},
  title     = {Abstract Regular (Tree) Model Checking},
  journal   = {International Journal on Software Tools for Technology Transfer},
  publisher = {Springer},
  volume    = {14},
  number    = {2},
  pages     = {167--191},
  year      = {2012}
}

@inproceedings{Zee:pldi08,
  author    = {Karen Zee and
               Viktor Kuncak and
               Martin C.\ Rinard},
  title     = {Full functional verification of linked data structures},
  booktitle = {Proceedings of the 2008 ACM SIGPLAN Conference on Programming
               Language Design and Implementation---PLDI'08},
  year      = {2008},
  pages     = {349--361},
  publisher = {ACM},
  isbn      = {978-1-59593-860-2},
}

@inproceedings{wies07hav,
  author    = {Thomas. Wies and
               Viktor Kuncak and
               Karen Zee and
               Andreas Podelski and
               Martin Rinard},
  title     = {On Verifying Complex Properties using Symbolic Shape Analysis},
  booktitle = {Proceedings of Heap Analysis and Verification 2007---HAV'07},
  year      = {2007},
}

@article{lists-counters,
  author    = {Ahmed Bouajjani and
               Marius Bozga and
               Peter Habermehl and
               Radu Iosif and
               Pierre Moro and
               Tom\'{a}\v{s} Vojnar},
  title     = {Programs with Lists are Counter Automata},
  journal   = {Formal Methods in System Design},
  volume    = {38},
  number    = {2},
  year      = {2011},
  pages     = {158--192},
}

@inproceedings{haziza:tacas13,
  author    = {Parosh Aziz Abdulla and
               Fr\'{e}d\'{e}ric Haziza and
               Luk\'{a}\v{s} Hol\'{\i}k and
               Bengt Jonsson and
               Ahmed Rezine},
  title     = {An Integrated Specification and Verification Technique for
               Highly Concurrent Data Structures},
  booktitle = {Proceedings of the 19th International Conference on Tools and
               Algorithms for the Construction and Analysis of
               Systems---TACAS'13},
  year      = {2013},
  pages     = {324--338},
  publisher = {Springer},
  series    = {LNCS},
  volume    = {7795},
}

@article{skiplists,
  author    = {William Pugh},
  title     = {Skip lists: a probabilistic alternative to balanced trees},
  journal   = {Communications of the ACM},
  volume    = {33},
  number    = {6},
  month     = jun,
  year      = {1990},
  pages     = {668--676},
  publisher = {ACM},
} 

@inproceedings{thor10,
  author    = {Stephen Magill and
               Ming-Hsien Tsai and
               Peter Lee and
               Yih-Kuen Tsay},
  title     = {Automatic Numeric Abstractions for Heap-manipulating Programs},
  booktitle = {Proceedings of the 37th Annual SIGPLAN-SIGACT Symposium on Principles
               of Programming Languages---POPL'10},
  year      = {2010},
  pages     = {211--222},
  publisher = {ACM},
}

@comment{
@inproceedings{halbwachs08,
  author    = "N. Halbwachs and M. P{\'e}ron",
  title     = "{Discovering Properties about Arrays in Simple Programs}",
  booktitle = "Proceedings of PLDI'08",
  year      = "2008",
  pages     = "339--348",
  publisher = "ACM Press",
}
}

@inproceedings{atva09,
  author    = {Parosh Aziz Abdulla and
               Muhsin Atto and
               Jonathan Cederberg and
               Ran Ji},
  title     = {Automated Analysis of Data-Dependent Programs with Dynamic Memory},
  booktitle = {In Proc. of ATVA'09},
  year      = {2009},
  pages     = {197--212},
  publisher = {Springer},
  series    = {LNCS},
  volume    = {5799},
}

@inproceedings{dragoi:atva12,
  author    = {Ahmed Bouajjani and
               Cezara Dr\u{a}goi and
               Constantin Enea and
               Mihaela Sighireanu},
  title     = {Accurate Invariant Checking for Programs Manipulating Lists
               and Arrays with Infinite Data},
  booktitle = {In Proc. of ATVA'12},
  year      = {2012},
  pages     = {167--182},
  publisher = {Springer},
  series    = {LNCS},
  volume    = {7561},
}

@inproceedings{ac:2006,
 author = {De Wulf, M. and Doyen, L. and Henzinger, T. A. and Raskin, J. -F.},
 title = {Antichains: A New Algorithm for Checking Universality of Finite Automata},
 booktitle = {In Proc. of CAV'06},
 year = {2006},
 isbn = {3-540-37406-X, 978-3-540-37406-0},
 location = {Seattle, WA},
 pages = {17--30},
 publisher = {Springer-Verlag},
 address = {Berlin, Heidelberg},
}

@inproceedings{henzinger:1995,
 author = {Henzinger, M. R. and Henzinger, T. A. and Kopke, P. W.},
 title = {Computing Simulations on Finite and Infinite Graphs},
 booktitle = {In Proc. of FOCS'95},
 year = {1995},
 isbn = {0-8186-7183-1},
 pages = {453--},
 publisher = {IEEE Computer Society},
}

@inproceedings{tacas10,
	author = "Abdulla, Parosh Aziz  and Chen, Yu-Fang and Holík, Lukáš and Mayr, Richard and Vojnar, Tomáš",
	title = {When Simulation Meets Antichains: On Checking Language Inclusion of Nondeterministic Finite (Tree) Automata},
	booktitle={In Proc. of TACAS'10},
 	year = {2010},
 	isbn = {3-642-12001-6, 978-3-642-12001-5},
	pages = {158--174},
 	numpages = {17},
	volume={6015},
	publisher = {Springer-Verlag},
}

@inproceedings{holik:2017,
author="Hol{\'i}k, Luk{\'a}{\v{s}}
and Hru{\v{s}}ka, Martin
and Leng{\'a}l, Ond{\v{r}}ej
and Rogalewicz, Adam
and Vojnar, Tom{\'a}{\v{s}}",
title="Counterexample Validation and Interpolation-Based Refinement for Forest Automata",
bookTitle="In Proc. of VMCAI 2017",
year="2017",
publisher="Springer International Publishing",
pages="288--309",
isbn="978-3-319-52234-0",
}

@inproceedings{BiRa:vmcai06,
  author    = {Jesse Bingham and
               Zvonimir Rakamari\'{c}},
  title     = {A Logic and Decision Procedure for Predicate Abstraction
               of Heap-Manipulating Programs},
  booktitle = {In Proc. of VMCAI'06},
  year      = {2006},
  publisher = {Springer},
  series    = {LNCS},
  volume    = {3855},
  pages     = {207--221},
}

@inproceedings{InvaderCAV08,
  author    = {Hongseok Yang and
               Oukseh Lee and
               Josh Berdine and
               Cristiano Calcagno and
               Byron Cook and
               Dino Distefano and
               Peter W.\ O'Hearn},
  title     = {Scalable Shape Analysis for Systems Code},
  booktitle = {In Proc. of CAV'08},
  year      = {2008},
  series    = {LNCS},
  volume    = {5123},
  pages     = {385--398},
  publisher = {Springer},
}

@inproceedings{juggrnaut10,
  author    = {Jonathan Heinen and
               Thomas Noll and
               Stefan Rieger},
  title     = {Juggrnaut: Graph Grammar Abstraction for Unbounded Heap Structures.},
  booktitle = {In Proc. of TTSS'09},
  year      = {2010},
  series    = {ENTCS},
  volume    = {266},
  pages     = {93--107},
  publisher = {Elsevier},
}

@article{Sagiv02,
  author    = {Mooly Sagiv and
               Thomas Reps and
               Reinhard Wilhelm},
  title     = {Parametric Shape Analysis via 3-valued Logic},
  journal   = {ACM Transactions on Programming Languages and Systems},
  volume    = {24},
  number    = {3},
  year      = {2002},
  pages     = {217--298},
}

@inproceedings{Loginov:AbstrRefViaInductLearning:05,
  author    = {Alexey Loginov and
               Thomas Reps and
               Mooly Sagiv},
  title     = {Abstraction Refinement via Inductive Learning},
  booktitle = {In Proc. of CAV'05},
  series    = {LNCS},
  publisher = {Springer},
  volume    = {3576},
  year      = {2005},
  pages     = {519--533}
}

@inproceedings{pale97,
  author    = {Jakob L.\ Jensen and
               Michael E.\ J\o{r}gensen and
               Michael I.\ Schwartzbach and
               Nils Klarlund},
  title     = {Automatic Verification of Pointer Programs Using Monadic
               Second-order Logic},
  booktitle = {In Proc. of PLDI'97},
  year      = {1997},
  publisher = {ACM},
  pages     = {226--234},
}

@inproceedings{dudka13,
  author    = {Kamil Dudka and
               Petr Peringer and
               Tom\'{a}\v{s} Vojnar},
  title     = {Byte-Precise Verification of Low-Level List Manipulation},
  booktitle = {In Proc. of SAS'13},
  year      = {2013},
  series    = {LNCS},
  volume    = {7935},
  pages     = {215--237},
  publisher = {Springer},
}

@article{sleek12,
  author    = {Wei-Ngan Chin and
               Cristina David and
               Huu Hai Nguyen and
               Shengchao Qin},
  title     = {Automated Verification of Shape, Size and Bag Properties via
               User-defined Predicates in Separation Logic},
  journal   = {Science of Computer Programming},
  volume    = {77},
  number    = {9},
  year      = {2012},
  pages     = {1006--1036},
  publisher = {Elsevier},
}

@article{sleek13,
  author    = {Shengchao Qin and
               Guanhua He and
               Chenguang Luo and
               Wei-Ngan Chin and
               Xin Chen},
  title     = {Loop Invariant Synthesis in a Combined Abstract Domain},
  journal   = {Journal of Symbolic Computation},
  volume    = {50},
  year      = {2013},
  pages     = {386--408},
  publisher = {Elsevier},
}

@inproceedings{forester-data-atva13,
  author    = {Parosh Aziz Abdulla and
               Luk\'{a}\v{s} Hol\'{i}k and
               Bengt Jonsson and
               Ond\v{r}ej Leng\'{a}l and
               Cong{ }Quy Trinh and
               Tom{\'a\v s} Vojnar},
  title     = {Verification of Heap Manipulating Programs with Ordered Data by
               Extended Forest Automata},
  booktitle = {In Proc. of ATVA'13},
  year      = {2013},
  publisher = {Springer},
  series    = {LNCS},
  volume    = {8172},
  pages     = {224--239}
}

@article{forester-data-acta,
  author    = {Abdulla, Parosh Aziz
               and Hol{\'i}k, Luk{\'a}{\v{s}}
               and Jonsson, Bengt
               and Leng{\'a}l, Ond{\v{r}}ej
               and Trinh, Cong Quy
               and Vojnar, Tom{\'a}{\v{s}}},
  title     = "Verification of heap manipulating programs with ordered data by
               extended forest automata",
  journal   = "Acta Informatica",
  year      = "2016",
  volume    = "53",
  number    = "4",
  pages     = "357--385",
  issn      = "1432-0525",
  doi       = "10.1007/s00236-015-0235-0",
  url       = "http://dx.doi.org/10.1007/s00236-015-0235-0"
}

@inproceedings{sas07:chang_rival_necula,
  author    = {Bor-Yuh Evan Chang and
               Xavier Rival and
               George C.\ Necula},
  title     = {Shape Analysis with Structural Invariant Checkers},
  booktitle = {In Proc. of SAS'07},
  year      = {2007},
  series    = {LNCS},
  volume    = {4634},
  pages     = {384--401},
  publisher = {Springer},
}

@inproceedings{beyer:lazy_shape_analysis,
  author    = {Dirk Beyer and
               Thomas A.\ Henzinger and
               Gr\'{e}gory Th\'{e}oduloz},
  title     = {Lazy Shape Analysis},
  booktitle = {In Proc. of CAV'06},
  series    = {LNCS},
  volume    = {4144},
  year      = {2006},
  pages     = {532--546},
  publisher = {Springer},
}

@inproceedings{popl08:chang_rival,
  author    = {Bor-Yuh Evan Chang and
               Xavier Rival},
  title     = {Relational Inductive Shape Analysis},
  booktitle = {In Proc. of POPL'08},
  year      = {2008},
  pages     = {247--260},
  publisher = {ACM},
}

@inproceedings{podelski:popl10,
  author    = {Andreas Podelski and
               Thomas Wies},
  title     = {Counterexample-Guided Focus},
  booktitle = {In Proc. of POPL'10},
  year      = {2010},
  publisher = {ACM},
  pages     = {249--260},
}

@inproceedings{cav05:mcpeak_necula,
  author    = {Scott McPeak and
               George C.\ Necula},
  title     = {Data Structure Specifications via Local Equality Axioms},
  booktitle = {In Proc. of CAV'05},
  year      = {2005},
  series    = {LNCS},
  volume    = {3576},
  publisher = {Springer},
  pages     = {476--490},
}

@inproceedings{atva07:rakamaric_brutomesso_hu,
  author    = {Zvonimir Rakamari\'{c} and
               Roberto Bruttomesso and
               Alan J.\ Hu and
               Alessandro Cimatti},
  title     = {Verifying Heap-Manipulating Programs in an {SMT} Framework},
  booktitle = {In Proc. of ATVA'07},
  year      = {2007},
  series    = {LNCS},
  volume    = {4762},
  pages     = {237--252},
  publisher = {Springer},
}

@inproceedings{tacas07:chatterjee_lahiri_qadeer,
  author    = {Shaunak Chatterjee and
               Shuvendu K.\ Lahiri and
               Shaz Qadeer and
               Zvonimir Rakaramari\'{c}},
  title     = {A Reachability Predicate for Analyzing Low-Level Software},
  booktitle = {In Proc. of TACAS'07},
  year      = {2007},
  series    = {LNCS},
  volume    = {4424},
  pages     = {19--33},
  publisher = {Springer},
}

@inproceedings{popl08:lahiri_qadeer,
  author    = {Shuvendu K.\ Lahiri and
               Shaz Qadeer},
  title     = {Back to the Future: Revisiting Precise Program Verification
               using {SMT} Solvers},
  booktitle = {In Proc. of POPL'08},
  year      = {2008},
  publisher = {ACM},
  pages     = {171--182},
}

@inproceedings{cousot:popl77,
  author    = {Patrick Cousot and
               Radhia Cousot},
  title     = {Abstract Interpretation: A Unified Lattice Model for Static
               Analysis of Programs by Construction or Approximation of
               Fixpoints},
  booktitle = {In Proc. of POPL'77},
  year      = {1977},
  pages     = {238--252},
  publisher = {ACM},
}

@Inproceedings{cegar,
  author    = {Edmund Clarke and
               Orna Grumberg and
               Somesh Jha and
               Yuan Lu and
               Helmut Veith},
  title     = {Counterexample-Guided Abstraction Refinement},
  editor    = {Emerson, E. Allen and
               Sistla, Aravinda Prasad},
  bookTitle = {In Proc. of CAV'00},
  year      = {2000},
  publisher = {Springer Berlin Heidelberg},
  pages     = {154--169},
  doi       = {10.1007/10722167_15}
}

@inproceedings{slayer12,
  author    = {J. Berdine and
               A. Cox and
               S. Ishtiaq and 
               C.M. Wintersteiger},
  title     = {Diagnosing Abstraction Failure for Separation Logic-based Analyses},
  booktitle = {In Proc. of CAV'12},
  year      = {2012},
  series    = {LNCS},
  volume    = {7358},
  publisher = {Springer},
}

@inproceedings{splinter15,
  author    = {A. Albarghouthi and
               J. Berdine and
               B. Cook and
               Z. Kincaid},
  title     = {Spatial Interpolants},
  booktitle = {In Proc. of ESOP'15},
  year      = {2015},
  series    = {LNCS},
  volume    = {9032},
  publisher = {Springer},
}

@inproceedings{impact06,
  author    = {R. Jhala and
               K.L. McMillan},
  title     = {Lazy Abstraction with Interpolants},
  booktitle = {In Proc. of CAV'06},
  year      = {2006},
  series    = {LNCS},
  volume    = {4144},
  publisher = {Springer},
}

@inproceedings{bhmv05,
    author = "A. Bouajjani and P. Habermehl and P. Moro and T. Vojnar",
    title = "{Verifying Programs with Dynamic 1-Selector-Linked Structures in
              Regular Model Checking}",
    booktitle = "In Proc. of TACAS'05",
    publisher = "Springer",
    series = "LNCS",
    volume = 3440,
    year = "2005"
}

@inproceedings{bhrv06b,
   author = "A. Bouajjani and P. Habermehl and A. Rogalewicz and T. Vojnar",
   title = "{Abstract Regular Tree Model Checking of Complex Dynamic Data
             Structures}",
   booktitle = {In Proc. of SAS'06},
   publisher = "Springer",
   series = "LNCS",
   volume = "4134",
   year = {2006}
}

@InProceedings{deg06,
  author =       "J.V. Deshmukh and E.A. Emerson and P. Gupta",
  title =        "{Automatic Verification of Parameterized Data Structures}",
  booktitle =    "In Proc. of TACAS'06",
  series    =    "LNCS",
  publisher =    "Springer",
  volume    =    "3920",
  year =         "2006",
}

@techreport{botincan15,
   author      = "M. Botin\v{c}an and 
                  M. Dodds and 
                  S. Magill",
   title       = "{Refining existential properties in separation logic analyses}",
   number      = "arXiv:1504.08309", 
   year        = 2015,
}

@InProceedings{php15,
  author =       "P. Muller and P. Peringer and T. Vojnar",
  title =        "Predator hunting party",
  booktitle =    "In Proc. of TACAS'15",
  series    =    "LNCS",
  publisher =    "Springer",
  volume    =    "9035",
  year =         "2015",
}

@BOOK{tata,
  author       = {Hubert Comon and
                  Max Dauchet and
                  Remi Gilleron and
                  Christof L\"oding and
                  Florent Jacquemard and
                  Denis Lugiez and
                  Sophie Tison and
                  Marc Tommasi},
  title        = {Tree Automata Techniques and Applications},
  year         = {2008},
}

@inproceedings{mcmillanCAV03,
  author    = {Kenneth L. McMillan},
  title     = {Interpolation and {SAT}-Based Model Checking},
  booktitle = { {CAV}'03},
  pages     = {1--13},
  year      = {2003},
  series    = {LNCS},
  volume    = {2725},
  publisher = {Springer},
}

@phdthesis{jiridiza,
  author    = {Ji\v{r}\'{\i} \v{S}im\'{a}\v{c}ek},
  title     = {Harnessing Forest Automata for Verification of Heap Manipulating Programs.},
  school    = {Grenoble Alpes University, France},
  year      = {2012},
  url       = {https://tel.archives-ouvertes.fr/tel-00805794},
  timestamp = {Thu, 07 Jul 2016 09:17:20 +0200},
  biburl    = {http://dblp.uni-trier.de/rec/bib/phd/hal/Simacek12},
  bibsource = {dblp computer science bibliography, http://dblp.org}
}

@inproceedings{CAV05,
	author="Alexey Loginov and
	Thomas Reps
	and Mooly Sagiv",
	editor="Etessami, Kousha and Rajamani, Sriram K.",
	title={Abstraction Refinement via Inductive Learning},
	bookTitle="In Proc. of CAV 2005",
	year="2005",
	publisher="Springer Berlin Heidelberg",
	address="Berlin, Heidelberg",
	pages="519--533",
	isbn="978-3-540-31686-2",
}

@inproceedings{reynolds02,
  title={Separation logic: A logic for shared mutable data structures},
  author={Reynolds, John C},
  booktitle={In Proc. of LICS'02},
  pages={55--74},
  year={2002},
  organization={IEEE}
}

@article{brookes16,
  title={Concurrent separation logic},
  author={Brookes, Stephen and O'Hearn, Peter W},
  journal={ACM SIGLOG News},
  volume={3},
  number={3},
  pages={47--65},
  year={2016},
  publisher={ACM}
}

@inproceedings{cav14,
  title={Shape analysis via second-order bi-abduction},
  author={Le, Quang Loc and Gherghina, Cristian and Qin, Shengchao and Chin, Wei-Ngan},
  booktitle={In Proc. of CAV 2014},
  pages={52--68},
  year={2014},
  isbn={978-3-319-08867-9},
  organization={Springer}
}

@inproceedings{popl09,
 author = {Calcagno, Cristiano and Distefano, Dino and O'Hearn, Peter and Yang, Hongseok},
 title = {Compositional Shape Analysis by Means of Bi-abduction},
 booktitle = {In Proc. of POPL'09},
 year = {2009},
 isbn = {978-1-60558-379-2},
 location = {Savannah, GA, USA},
 pages = {289--300},
 publisher = {ACM},
 address = {New York, NY, USA},
}

@misc{www:fbinfer,
	author = {{Web Pages of the Facebook Infer}},
	title = {The Facebook Infer},
	year = "2017 [cit.~2017-02-09]",
	howpublished = "{\tt http://fbinfer.com/}",
}

@misc{www:svcomp,
	author = {{Web Pages of SV-COMP}},
	title = {SV-COMP, The Competition on Software Verification},
	year = "2017 [cit.~2017-02-10]",
	howpublished = "{\tt http://sv-comp.sosy-lab.org}",
}

@inproceedings{thomas91,
	author="Thomas, Wolfgang",
	editor="Albert, Javier Leach
	and Monien, Burkhard
	and Artalejo, Mario Rodr{\'i}guez",
	title={On Logics, Tilings, and Automata},
	bookTitle="In Proc. of ICALP'91",
	year="1991",
	publisher="Springer Berlin Heidelberg",
	address="Berlin, Heidelberg",
	pages="441--454",
	isbn="978-3-540-47516-3",
}

@inproceedings{reiter15,
 author = {Reiter, Fabian},
 title = {Distributed Graph Automata},
 booktitle = {In Proc. of LICS'15},
 year = {2015},
 isbn = {978-1-4799-8875-4},
 pages = {192--201},
 publisher = {IEEE Computer Society},
 address = {Washington, DC, USA},
}

@book{courcelle12,
 author = {Courcelle, Bruno and Engelfriet, Joost},
 title = {Graph Structure and Monadic Second-Order Logic: A Language-Theoretic Approach},
 year = {2012},
 isbn = {0521898331, 9780521898331},
 edition = {1st},
 publisher = {Cambridge University Press},
 address = {New York, NY, USA},
}

@inproceedings{popl11,
 author = {Madhusudan, P. and Parlato, Gennaro},
 title = {The Tree Width of Auxiliary Storage},
 booktitle = {In Proc. of POPL'11},
 year = {2011},
 isbn = {978-1-4503-0490-0},
 location = {Austin, Texas, USA},
 pages = {283--294},
 publisher = {ACM},
 address = {New York, NY, USA},
}

@article{brandenburg05,
 author = {Brandenburg, F. J. and Skodinis, K.},
 title = {Finite Graph Automata for Linear and Boundary Graph Languages},
 journal = {Theor. Comput. Sci.},
 issue_date = {28 February 2005},
 volume = {332},
 number = {1-3},
 year = {2005},
 issn = {0304-3975},
 pages = {199--232},
 publisher = {Elsevier Science Publishers Ltd.},
}

@inproceedings{matheja2015,
author="Matheja, Christoph
and Jansen, Christina
and Noll, Thomas",
title={Tree-Like Grammars and Separation Logic},
bookTitle="In Proc. of APLAS'15",
year="2015",
publisher="Springer International Publishing",
pages="90--108",
isbn="978-3-319-26529-2"
}

@inproceedings{iosif2013,
 author = {Iosif, Radu and Rogalewicz, Adam and Simacek, Jiri},
 title = {The Tree Width of Separation Logic with Recursive Definitions},
 booktitle = {In Proc. of CADE'13},
 year = {2013},
 isbn = {978-3-642-38573-5},
 location = {Lake Placid, NY},
 pages = {21--38},
 publisher = {Springer-Verlag},
 address = {Berlin, Heidelberg},
}

@inproceedings{tacas16,
author="Hol{\'i}k, Luk{\'a}{\v{s}}
and Hru{\v{s}}ka, Martin
and Leng{\'a}l, Ond{\v{r}}ej
and Rogalewicz, Adam
and {\v{S}}im{\'a}{\v{c}}ek, Ji{\v{r}}{\'i}
and Vojnar, Tom{\'a}{\v{s}}",
title={Run Forester, Run Backwards!},
bookTitle="In Proc. of TACAS'16",
year="2016",
publisher="Springer Berlin Heidelberg",
address="Berlin, Heidelberg",
isbn="978-3-662-49674-9",
}

@inproceedings{tacas15,
author="Hol{\'i}k, Luk{\'a}{\v{s}}
and Hru{\v{s}}ka, Martin
and Leng{\'a}l, Ond{\v{r}}ej
and Rogalewicz, Adam
and {\v{S}}im{\'a}{\v{c}}ek, Ji{\v{r}}{\'i}
and Vojnar, Tom{\'a}{\v{s}}",
title={Forester: Shape Analysis Using Tree Automata},
bookTitle="In Proc. of TACAS'15",
year="2015",
publisher="Springer Berlin Heidelberg",
address="Berlin, Heidelberg",
pages="432--435",
isbn="978-3-662-46681-0",
}

@inproceedings{tacas17,
author="Hol{\'i}k, Luk{\'a}{\v{s}}
and Hru{\v{s}}ka, Martin
and Leng{\'a}l, Ond{\v{r}}ej
and Rogalewicz, Adam
and {\v{S}}im{\'a}{\v{c}}ek, Ji{\v{r}}{\'i}
and Vojnar, Tom{\'a}{\v{s}}",
title={Forester: From Heap Shapes to Automata Predicates},
bookTitle="To Apper In Proc. of TACAS'17",
year="2017",
publisher="Springer Berlin Heidelberg",
address="Berlin, Heidelberg",
}

@inproceedings{blume:2012,
 author = {Blume, Christoph and Bruggink, H. J. Sander and Engelke, Dominik and K\"{o}nig, Barbara},
 title = {Efficient Symbolic Implementation of Graph Automata with Applications to Invariant Checking},
 booktitle = {In Proc. of ICGT'12},
 year = {2012},
 isbn = {978-3-642-33653-9},
 location = {Bremen, Germany},
 pages = {264--278},
 numpages = {15},
 publisher = {Springer-Verlag},
 address = {Berlin, Heidelberg},
}

@inproceedings{pldi07,
 author = {Guo, Bolei and Vachharajani, Neil and August, David I.},
 title = {Shape Analysis with Inductive Recursion Synthesis},
 booktitle = {In Proc. of PLDI'07},
 series = {PLDI '07},
 year = {2007},
 isbn = {978-1-59593-633-2},
 location = {San Diego, California, USA},
 pages = {256--265},
 publisher = {ACM},
 address = {New York, NY, USA},
}

@inproceedings{sas06,
author="Bouajjani, Ahmed
and Habermehl, Peter
and Rogalewicz, Adam
and Vojnar, Tom{\'a}{\v{s}}",
title="Abstract Regular Tree Model Checking of Complex Dynamic Data Structures",
bookTitle="In Proc. of SAS'06",
year="2006",
publisher="Springer Berlin Heidelberg",
address="Berlin, Heidelberg",
pages="52--70",
isbn="978-3-540-37758-0"
}

@inproceedings{cav11,
author="Habermehl, Peter
and Hol{\'i}k, Luk{\'a}{\v{s}}
and Rogalewicz, Adam
and {\v{S}}im{\'a}{\v{c}}ek, Ji{\v{r}}{\'i}
and Vojnar, Tom{\'a}{\v{s}}",
title="Forest Automata for Verification of Heap Manipulation",
bookTitle="In Proc. of CAV'11",
year="2011",
publisher="Springer Berlin Heidelberg",
address="Berlin, Heidelberg",
pages="424--440",
isbn="978-3-642-22110-1",
}
